%
%  An example of a bibliographical database for bibTeX
%
%  Recommended software for maintenance of *.bib files:
%    JabRef, http://jabref.sourceforge.net/
%
%  BEWARE:
%
%    *  If a name contains a capital letter, which must be kept such,
%       use curly brackets ({T}hailand, {HIV}).
%
%  ===========================================================================

@misc{Tiobe,
  author = {{TIOBE}},
  title = {TIOBE Index},
  year = {2017},
  url = {https://www.tiobe.com/tiobe-index},
  note = {Accessed: 2017-06-13}
}

@misc{Stack,
  author = {{Stack Overflow}},
  title = {Stack Overflow Developer Survey Results 2017},
  year = {2017},
  url = {https://insights.stackoverflow.com/survey/2017#technology/},
  note = {Accessed: 2017-06-13}
}

@misc{PchpBenchBlog,
  author = {Jakub Míšek},
  title = {Optimizing PHP Code with Peachpie – Part 1},
  year = {2017},
  month= {June},
  url = {http://www.peachpie.io/2017/06/optimizing-php-code-1.html/},
  note = {Accessed: 2017-06-25}
}

@misc{PchpBenchSite,
  author = {Benjamin {Fistein} and Jakub Míšek},
  title = {Peachpie Benchmarks},
  year = {2016 - 2017},
  url = {http://www.peachpie.io/2017/06/optimizing-php-code-1.html/},
  note = {Accessed: 2017-06-25}
}

@misc{ZendGen,
  author = {Nikita Popov},
  title = {PHP 7 Virtual Machine},
  year = {2017},
  month= {April},
  url = {http://nikic.github.io/2017/04/14/PHP-7-Virtual-machine.html#generators/},
  note = {Accessed: 2017-06-25}
}

@misc{CSharpGen,
  author = {Eric Lippert},
  title = {Iterator block implementation details: auto-generated state machines/},
  year = {2008},
  url = {http://csharpindepth.com/Articles/Chapter6/IteratorBlockImplementation.aspx},
  note = {Accessed: 2017-06-25}
}

@BOOK{Andel07,
  title = {Základy matematické statistiky},
  publisher = {Matfyzpress},
  year = {2007},
  author = {Anděl, J.},
  address = {Praha},
  series = {Druhé opravené vydání},
  isbn = {80-7378-001-1}
}

@BOOK{Andel98,
  title = {Statistické metody},
  publisher = {Matfyzpress},
  year = {1998},
  author = {Anděl, J.},
  address = {Praha},
  series = {Druhé přepracované vydání},
  isbn = {80-85863-27-8}
}

@ARTICLE{Cox72,
  author = {Cox, D. R.},
  title = {Regression models and life-tables (with {D}iscussion)},
  journal = {Journal of the Royal Statistical Society, Series B},
  year = {1972},
  volume = {34},
  pages = {187--220},
  number = {2}
}

@ARTICLE{DempsterLairdRubin77,
  author = {Dempster, A. P. and Laird, N. M. and Rubin, D. B.},
  title = {Maximum likelihood from incomplete data via the {EM} algorithm},
  journal = {Journal of the Royal Statistical Society, Series B},
  year = {1977},
  volume = {39},
  pages = {1--38},
  number = {1}
}

@ARTICLE{Genberget08,
  author = {Genberg, B. L. and Kulich, M. and Kawichai, S. and Modiba, P. and
	Chingono, A. and Kilonzo, G. P. and Richter, L. and Pettifor, A.
	and Sweat, M. and Celentano, D. D.},
  title = {{HIV} risk behaviors in Sub-{S}aharan {A}frica and {N}orthern {T}hailand:
	{B}aseline behavioral data from project {A}ccept},
  journal = {Journal of Acquired Immune Deficiency Syndrome},
  year = {2008},
  volume = {49},
  pages = {309--319}
}

@ARTICLE{KaplanMeier58,
  author = {Kaplan, E. L. and Meier, P.},
  title = {Nonparametric estimation from incomplete observations},
  journal = {Journal of the American Statistical Association},
  year = {1958},
  volume = {53},
  pages = {457--481},
  number = {282}
}

@BOOK{LehmannCasella98,
  title = {Theory of Point Estimation},
  publisher = {Springer-Verlag},
  year = {1998},
  author = {Lehmann, E. L. and Casella, G.},
  address = {New York},
  series = {{S}econd {E}dition},
  isbn = {0-387-98502-6}
}

@ARTICLE{Student08,
  author = {Student},
  title = {On the probable error of the mean},
  journal = {Biometrika},
  year = {1908},
  volume = {6},
  pages = {1-25}
}
